@article{Headrick,
    author = {Headrick, T.},
    title = "{A Method for Simulating Systems of Correlated Binary Data}",
    journal = {Journal of Modern Applied Statistical Methods},
    month = "Winter",
    year = "2002",
    pages = "195--201",
    volume = "Vol. 1, No. 1"
}

@ARTICLE{2011arXiv1111.0576S,
    author = {{Sch{\"a}fer}, C.},
    title = "{On parametric families for sampling binary data with specified mean and correlation}",
    journal = {ArXiv e-prints},
    archivePrefix = "arXiv",
    eprint = {1111.0576},
    primaryClass = "stat.ME",
    keywords = {Statistics - Methodology, Statistics - Computation},
    year = 2011,
    month = nov,
    adsurl = {http://adsabs.harvard.edu/abs/2011arXiv1111.0576S},
    adsnote = {Provided by the SAO/NASA Astrophysics Data System}
}

@article{Walker:2011:AAF:2079024.2079043,
    author = {Walker, Homer F. and Ni, Peng},
    title = {Anderson Acceleration for Fixed-Point Iterations},
    journal = {SIAM J. Numer. Anal.},
    issue_date = {July 2011},
    volume = {49},
    number = {4},
    month = aug,
    year = {2011},
    issn = {0036-1429},
    pages = {1715--1735},
    numpages = {21},
    url = {http://dx.doi.org/10.1137/10078356X},
    doi = {10.1137/10078356X},
    acmid = {2079043},
    publisher = {Society for Industrial and Applied Mathematics},
    address = {Philadelphia, PA, USA},
    keywords = {Arnoldi (full orthogonalization) method, acceleration methods, alternating least-squares, domain decomposition, expectation-maximization algorithm, fixed-point iterations, generalized minimal residual method, iterative methods, mixture densities, nonnegative matrix factorization},
} 

@MISC{Fang07twoclasses,
    author = {Haw-ren Fang and Yousef Saad},
    title = {Two Classes of Multisecant Methods for Nonlinear Acceleration},
    year = {2007}
}

@INPROCEEDINGS{Leisch98onthe,
    author = {Friedrich Leisch and Friedrich Leisch and Andreas Weingessel and Andreas Weingessel and Kurt Hornik and Kurt Hornik},
    title = {On the Generation of Correlated Artificial Binary Data},
    booktitle = {In preparation},
    year = {1998}
}

@ARTICLE{2014arXiv1404.5609F,
    author = {{Foygel Barber}, R. and {Candes}, E.},
    title = "{Controlling the False Discovery Rate via Knockoffs}",
    journal = {ArXiv e-prints},
    archivePrefix = "arXiv",
    eprint = {1404.5609},
    primaryClass = "stat.ME",
    keywords = {Statistics - Methodology, Mathematics - Statistics Theory},
    year = 2014,
    month = apr,
    adsurl = {http://adsabs.harvard.edu/abs/2014arXiv1404.5609F},
    adsnote = {Provided by the SAO/NASA Astrophysics Data System}
}

@Article{Park:1996:SMG,
    author =       "Chul Gyu Park and Taesung Park and Dong Wan Shin",
    title =        "A Simple Method for Generating Correlated Binary Variates",
    journal =      j-AMER-STAT,
    volume =       "50",
    number =       "4",
    pages =        "306--310",
    month =        nov,
    year =         "1996",
    CODEN =        "ASTAAJ",
    ISSN =         "0003-1305 (print), 1537-2731 (electronic)",
    ISSN-L =       "0003-1305",
    MRclass =      "62E25 (65C10)",
    MRnumber =     "1 435 310",
    bibdate =      "Fri Jan 27 14:51:23 MST 2012",
    bibsource =    "http://www.jstor.org/journals/00031305.html;
    http://www.jstor.org/stable/i326474;
    http://www.math.utah.edu/pub/tex/bib/amstat1990.bib",
    URL =          "http://www.jstor.org/stable/2684925",
    acknowledgement = ack-nhfb,
    fjournal =     "The American Statistician",
    journal-URL =  "http://www.tandfonline.com/loi/utas20",
}

